@book{chaer:08:morfologi,
	author		= {Abdul Chaer},
	title   	= {Morfologi Bahasa Indonesia (Pendekatan Proses)},
	edition		= {},
	year   		= {2008},
	publisher	= {Rineka Cipta},
	address		= {Jakarta},
}

@inproceedings{hasim:08:turkish,
	author    	= {Hasim Sak and Tunga Gungor and Murat Saraclar},
	title     	= {Turkish Language Resources: Morphological Parser, Morphological Disambiguator and Web Corpus},
	pages     	= {417--427}, 	
	booktitle 	= {GoTAL '08 Proceedings of the 6th International Conference on Advances in Natural Language Processing},	
	year      	= {2008},
	month		= {25-27 August},
	address		= {Gothenburg, Sweden},
	publisher	= {Springer-Verlag Berlin, Heidelberg}
}

@techreport{sajib:10:bangla,
	author 		= {Sajib Dasgupta and Naira Khan and Asif Iqbal Sarkar and Dewan Shahriar Hossain Pavel and Mumit Khan},
	title 		= {Morphological Analysis of Inflecting Compound Words in Bangla},
	number		= {},
	year 		= {2010},
	institution = {BRAC University},
	address 	= {Dhaka, Bangladesh},	
}

@inproceedings{manurung:08:indonesian,
	author    	= {Femphy Pisceldo and Rahmad Mahendra and Ruli Manurung and I Wayan Arka},
	title     	= {A Two-Level Morphological Analyser for the Indonesian Language},
	pages     	= {142--150}, 	
	booktitle 	= {Proceedings of the Australasian Language Technology Association Workshop 2008 (ALTA 2008)},	
	year      	= {2008},
	month		= {8-10 December},
	address		= {Hobart, Australia},
	publisher	= {Australasian Language Technology Association}
}

@article{najogie:10:trie,
	author		= {Reinhard Denis Najogie},
	title     	= {Pengenalan Trie dan Aplikasinya},
	journal   	= {Makalah IF2091 Struktur Diskrit - Sem. I Tahun 2010/2011},
	volume    	= {1},
	pages     	= {91--95},
	year      	= {2010},
}